@ARTICLE{ArBre,
  author =       {Brenda Mariana Casillas},
  title =        {Formulas de Buchi},
  year =         {2019},
  volume =       {Primer},
  number =       {2},
  pages =        {30},
  month =        {Mayo}
  }

@BOOK{LiAngel,
  author =       {Angel Daniel Mendoza Quiroz},
  editor =       {Patria},
  title =        {Reglas para no Reprobar},
  year =         {2023},
  isbn =         {123456789}
  }

@online{
buffett84,
author = "Warren E. Buffett",
title = "The Superinvestors of Graham-and-Doddsville",
year = "1984",
url = "https: //www8.gsb.columbia.edu/ sites/valueinvesting/files/files/Buffett1984.pdf",
urldate = "2019-06-30"
}


@online{
mongodb,
author = "MongoDB,Inc",
title = " La plataforma de datos para desarrolladores",
year = "2024",
url = "https://www.mongodb.com/es/solutions/developer-data-platform",
}
